@article{13KrNiPa,
  doi = {10.1016/j.molimm.2012.06.001},
  year = {2013},
  volume = {53},
  number = {1-2},
  pages = {24--34},
  author = {Jens Vindahl Kringelum and Morten Nielsen and S{\o}ren Berg Padkj{\ae}r and Ole Lund},
  title = {Structural analysis of B-cell epitopes in antibody:protein complexes},
  journal = {Molecular Immunology}
}

@article{Nguyen2017,
	doi = {10.1093/bioinformatics/btx389},
	year = {2017},
	month = jun,
	publisher = {Oxford University Press ({OUP})},
	volume = {33},
	number = {19},
	pages = {2971--2976},
	author = {Minh N Nguyen and Mohan R Pradhan and Chandra Verma and Pingyu Zhong},
	editor = {Alfonso Valencia},
	title = {The interfacial character of antibody paratopes: analysis of antibody{\textendash}antigen structures},
	journal = {Bioinformatics}
}
@article{Fellouse2007,
	doi = {10.1016/j.jmb.2007.08.005},
	url = {https://doi.org/10.1016/j.jmb.2007.08.005},
	year = {2007},
	month = nov,
	publisher = {Elsevier {BV}},
	volume = {373},
	number = {4},
	pages = {924--940},
	author = {Frederic A. Fellouse and Kaori Esaki and Sara Birtalan and Demetrios Raptis and Vincenzo J. Cancasci and Akiko Koide and Parkash Jhurani and Mark Vasser and Christian Wiesmann and Anthony A. Kossiakoff and Shohei Koide and Sachdev S. Sidhu},
	title = {High-throughput Generation of Synthetic Antibodies from Highly Functional Minimalist Phage-displayed Libraries},
	journal = {Journal of Molecular Biology}
}
@article{Bogan1998,
	doi = {10.1006/jmbi.1998.1843},
	url = {https://doi.org/10.1006/jmbi.1998.1843},
	year = {1998},
	month = jul,
	publisher = {Elsevier {BV}},
	volume = {280},
	number = {1},
	pages = {1--9},
	author = {Andrew A Bogan and Kurt S Thorn},
	title = {Anatomy of hot spots in protein interfaces},
	journal = {Journal of Molecular Biology}
}
@article{Desmyter1996,
	doi = {10.1038/nsb0996-803},
	url = {https://doi.org/10.1038/nsb0996-803},
	year = {1996},
	month = sep,
	publisher = {Springer Nature},
	volume = {3},
	number = {9},
	pages = {803--811},
	author = {Aline Desmyter and Thomas R. Transue and Mehdi Arbabi Ghahroudi and Minh-Hoa Dao Thi and Freddy Poortmans and Raymond Hamers and Serge Muyldermans and Lode Wyns},
	title = {Crystal structure of a camel single-domain {VH} antibody fragment in complex with lysozyme},
	journal = {Nature Structural {\&} Molecular Biology}
}

@article{Stanfield2004,
	doi = {10.1126/science.1101148},
	url = {https://doi.org/10.1126/science.1101148},
	year = {2004},
	month = sep,
	publisher = {American Association for the Advancement of Science ({AAAS})},
	volume = {305},
	number = {5691},
	pages = {1770--1773},
	author = {R. L. Stanfield},
	title = {Crystal Structure of a Shark Single-Domain Antibody V Region in Complex with Lysozyme},
	journal = {Science}
}